@article{allen:nfencyclopedia,
  title = {Nf-Encyclopedia: {{A Cloud-Ready Pipeline}} for {{Chromatogram Library Data-Independent Acquisition Proteomics Workflows}}},
  shorttitle = {Nf-Encyclopedia},
  author = {Allen, Carolyn and Meinl, Rico and Paez, J. Sebastian and Searle, Brian C. and Just, Seth and Pino, Lindsay K. and Fondrie, William E.},
  year = {2023},
  month = jul,
  journal = {Journal of Proteome Research},
  issn = {1535-3907},
  doi = {10.1021/acs.jproteome.2c00613},
  langid = {english},
  pmid = {37417926}
}

@article{arab:semisupervised,
  title = {Semisupervised {{Machine Learning}} for {{Sensitive Open Modification Spectral Library Searching}}},
  author = {Arab, Issar and Fondrie, William E. and Laukens, Kris and Bittremieux, Wout},
  year = {2023},
  month = feb,
  journal = {Journal of Proteome Research},
  volume = {22},
  number = {2},
  pages = {585--593},
  issn = {1535-3907},
  doi = {10.1021/acs.jproteome.2c00616},
  langid = {english},
  pmid = {36688569}
}

@article{au:lrp1,
  title = {{{LRP1}} ({{Low-Density Lipoprotein Receptor-Related Protein}} 1) {{Regulates Smooth Muscle Contractility}} by {{Modulating Ca2}}+ {{Signaling}} and {{Expression}} of {{Cytoskeleton-Related Proteins}}},
  author = {Au, Dianaly T. and Ying, Zhekang and {Hern{\'a}ndez-Ochoa}, Erick O. and Fondrie, William E. and Hampton, Brian and Migliorini, Mary and Galisteo, Rebeca and Schneider, Martin F. and Daugherty, Alan and Rateri, Debra L. and Strickland, Dudley K. and Muratoglu, Selen C.},
  year = {2018},
  month = nov,
  journal = {Arteriosclerosis, Thrombosis, and Vascular Biology},
  volume = {38},
  number = {11},
  pages = {2651--2664},
  issn = {1524-4636},
  doi = {10.1161/ATVBAHA.118.311197},
  langid = {english},
  pmcid = {PMC6214382},
  pmid = {30354243}
}

@article{au:role1,
  title = {Role of the {{LDL Receptor-Related Protein}} 1 in {{Regulating Protease Activity}} and {{Signaling Pathways}} in the {{Vasculature}}},
  author = {Au, Dianaly T. and Arai, Allison L. and Fondrie, William E. and Muratoglu, Selen C. and Strickland, Dudley K.},
  year = {2018},
  journal = {Current Drug Targets},
  volume = {19},
  number = {11},
  pages = {1276--1288},
  issn = {1873-5592},
  doi = {10.2174/1389450119666180511162048},
  langid = {english},
  pmcid = {PMC6812522},
  pmid = {29749311}
}

@article{clark:redefining,
  title = {Redefining the {{Breast Cancer Exosome Proteome}} by {{Tandem Mass Tag Quantitative Proteomics}} and {{Multivariate Cluster Analysis}}},
  author = {Clark, David J. and Fondrie, William E. and Liao, Zhongping and Hanson, Phyllis I. and Fulton, Amy and Mao, Li and Yang, Austin J.},
  year = {2015},
  month = oct,
  journal = {Analytical Chemistry},
  volume = {87},
  number = {20},
  pages = {10462--10469},
  issn = {1520-6882},
  doi = {10.1021/acs.analchem.5b02586},
  langid = {english},
  pmcid = {PMC7389820},
  pmid = {26378940}
}

@article{clark:triple,
  title = {Triple {{SILAC}} Quantitative Proteomic Analysis Reveals Differential Abundance of Cell Signaling Proteins between Normal and Lung Cancer-Derived Exosomes},
  author = {Clark, David J. and Fondrie, William E. and Yang, Austin and Mao, Li},
  year = {2016},
  month = feb,
  journal = {Journal of Proteomics},
  volume = {133},
  pages = {161--169},
  issn = {1876-7737},
  doi = {10.1016/j.jprot.2015.12.023},
  langid = {english},
  pmid = {26739763}
}

@article{fondrie:machine1,
  title = {Machine {{Learning Strategy That Leverages Large Data}} Sets to {{Boost Statistical Power}} in {{Small-Scale Experiments}}},
  author = {Fondrie, William E. and Noble, William S.},
  year = {2020},
  month = mar,
  journal = {Journal of Proteome Research},
  volume = {19},
  number = {3},
  pages = {1267--1274},
  issn = {1535-3907},
  doi = {10.1021/acs.jproteome.9b00780},
  langid = {english},
  pmcid = {PMC8455073},
  pmid = {32009418}
}

@article{fondrie:mokapot1,
  title = {Mokapot: {{Fast}} and {{Flexible Semisupervised Learning}} for {{Peptide Detection}}},
  shorttitle = {Mokapot},
  author = {Fondrie, William E. and Noble, William S.},
  year = {2021},
  month = apr,
  journal = {Journal of Proteome Research},
  volume = {20},
  number = {4},
  pages = {1966--1971},
  issn = {1535-3907},
  doi = {10.1021/acs.jproteome.0c01010},
  langid = {english},
  pmcid = {PMC8022319},
  pmid = {33596079}
}

@article{fondrie:pathogen,
  title = {Pathogen {{Identification Direct From Polymicrobial Specimens Using Membrane Glycolipids}}},
  author = {Fondrie, William E. and Liang, Tao and Oyler, Benjamin L. and Leung, Lisa M. and Ernst, Robert K. and Strickland, Dudley K. and Goodlett, David R.},
  year = {2018},
  month = oct,
  journal = {Scientific Reports},
  volume = {8},
  number = {1},
  pages = {15857},
  issn = {2045-2322},
  doi = {10.1038/s41598-018-33681-8},
  langid = {english},
  pmcid = {PMC6203844},
  pmid = {30367087}
}

@article{fondrie:ppx1,
  title = {Ppx: {{Programmatic Access}} to {{Proteomics Data Repositories}}},
  shorttitle = {Ppx},
  author = {Fondrie, William E. and Bittremieux, Wout and Noble, William S.},
  year = {2021},
  month = sep,
  journal = {Journal of Proteome Research},
  volume = {20},
  number = {9},
  pages = {4621--4624},
  issn = {1535-3907},
  doi = {10.1021/acs.jproteome.1c00454},
  langid = {english},
  pmcid = {PMC8457024},
  pmid = {34342226}
}

@phdthesis{fondrie2018biological,
  title = {Biological Insight from Mass Spectrometry through Novel Computational Approaches},
  author = {Fondrie, William E},
  year = {2018},
  school = {University of Maryland, Baltimore}
}

@article{harris:evaluating,
  title = {Evaluating {{Proteomics Imputation Methods}} with {{Improved Criteria}}},
  author = {Harris, Lincoln and Fondrie, William E. and Oh, Sewoong and Noble, William S.},
  year = {2023},
  month = nov,
  journal = {Journal of Proteome Research},
  volume = {22},
  number = {11},
  pages = {3427--3438},
  issn = {1535-3907},
  doi = {10.1021/acs.jproteome.3c00205},
  langid = {english},
  pmcid = {PMC10949645},
  pmid = {37861703}
}

@article{heil:building,
  title = {Building {{Spectral Libraries}} from {{Narrow-Window Data-Independent Acquisition Mass Spectrometry Data}}},
  author = {Heil, Lilian R. and Fondrie, William E. and McGann, Christopher D. and Federation, Alexander J. and Noble, William S. and MacCoss, Michael J. and Keich, Uri},
  year = {2022},
  month = jun,
  journal = {Journal of Proteome Research},
  volume = {21},
  number = {6},
  pages = {1382--1391},
  issn = {1535-3907},
  doi = {10.1021/acs.jproteome.1c00895},
  langid = {english},
  pmcid = {PMC9204981},
  pmid = {35549345}
}

@article{kertesz-farkas:crux,
  title = {The {{Crux Toolkit}} for {{Analysis}} of {{Bottom-Up Tandem Mass Spectrometry Proteomics Data}}},
  author = {{Kertesz-Farkas}, Attila and Nii Adoquaye Acquaye, Frank Lawrence and Bhimani, Kishankumar and Eng, Jimmy K. and Fondrie, William E. and Grant, Charles and Hoopmann, Michael R. and Lin, Andy and Lu, Yang Y. and Moritz, Robert L. and MacCoss, Michael J. and Noble, William Stafford},
  year = {2023},
  month = feb,
  journal = {Journal of Proteome Research},
  volume = {22},
  number = {2},
  pages = {561--569},
  issn = {1535-3907},
  doi = {10.1021/acs.jproteome.2c00615},
  langid = {english},
  pmcid = {PMC10284583},
  pmid = {36598107}
}

@article{khan:assessment,
  title = {Assessment of the {{Therapeutic Potential}} of {{Persimmon Leaf Extract}} on {{Prediabetic Subjects}}},
  author = {Khan, Mohd M. and Tran, Bao Quoc and Jang, Yoon-Jin and Park, Soo-Hyun and Fondrie, William E. and Chowdhury, Khadiza and Yoon, Sung Hwan and Goodlett, David R. and Chae, Soo-Wan and Chae, Han-Jung and Seo, Seung-Young and Goo, Young Ah},
  year = {2017},
  month = jul,
  journal = {Molecules and Cells},
  volume = {40},
  number = {7},
  pages = {466--475},
  issn = {0219-1032},
  doi = {10.14348/molcells.2017.2298},
  langid = {english},
  pmcid = {PMC5547216},
  pmid = {28681595}
}

@article{leung:identification,
  title = {Identification of the {{ESKAPE}} Pathogens by Mass Spectrometric Analysis of Microbial Membrane Glycolipids},
  author = {Leung, Lisa M. and Fondrie, William E. and Doi, Yohei and Johnson, J. Kristie and Strickland, Dudley K. and Ernst, Robert K. and Goodlett, David R.},
  year = {2017},
  month = jul,
  journal = {Scientific Reports},
  volume = {7},
  number = {1},
  pages = {6403},
  issn = {2045-2322},
  doi = {10.1038/s41598-017-04793-4},
  langid = {english},
  pmcid = {PMC5526941},
  pmid = {28743946}
}

@article{liang:rapid,
  title = {Rapid {{Microbial Identification}} and {{Antibiotic Resistance Detection}} by {{Mass Spectrometric Analysis}} of {{Membrane Lipids}}},
  author = {Liang, Tao and Leung, Lisa M. and Opene, Belita and Fondrie, William E. and Lee, Young In and Chandler, Courtney E. and Yoon, Sung Hwan and Doi, Yohei and Ernst, Robert K. and Goodlett, David R.},
  year = {2019},
  month = jan,
  journal = {Analytical Chemistry},
  volume = {91},
  number = {2},
  pages = {1286--1294},
  issn = {1520-6882},
  doi = {10.1021/acs.analchem.8b02611},
  langid = {english},
  pmid = {30571097}
}

@article{lin:targetdecoy,
  title = {Target-Decoy False Discovery Rate Estimation Using {{Crema}}},
  author = {Lin, Andy and See, Donavan and Fondrie, William E. and Keich, Uri and Noble, William Stafford},
  year = {2024},
  month = apr,
  journal = {Proteomics},
  volume = {24},
  number = {8},
  pages = {e2300084},
  issn = {1615-9861},
  doi = {10.1002/pmic.202300084},
  langid = {english},
  pmid = {38380501}
}


@article{ma:interfacial,
  title = {Interfacial Energy Conversion in {{Ru}}({{II}}) Polypyridyl-Derivatized Oligoproline Assemblies on {{TiO2}}},
  author = {Ma, Da and Bettis, Stephanie E. and Hanson, Kenneth and Minakova, Maria and Alibabaei, Leila and Fondrie, William and Ryan, Derek M. and Papoian, Garegin A. and Meyer, Thomas J. and Waters, Marcey L. and Papanikolas, John M.},
  year = {2013},
  month = apr,
  journal = {Journal of the American Chemical Society},
  volume = {135},
  number = {14},
  pages = {5250--5253},
  issn = {1520-5126},
  doi = {10.1021/ja312143h},
  langid = {english},
  pmid = {23514453}
}

@article{mudge:subzero,
  title = {Subzero, Saline Incubations of {{Colwellia}} Psychrerythraea Reveal Strategies and Biomarkers for Sustained Life in Extreme Icy Environments},
  author = {Mudge, Miranda C. and Nunn, Brook L. and Firth, Erin and Ewert, Marcela and Hales, Kianna and Fondrie, William E. and Noble, William S. and Toner, Jonathan and Light, Bonnie and Junge, Karen A.},
  year = {2021},
  month = jul,
  journal = {Environmental Microbiology},
  volume = {23},
  number = {7},
  pages = {3840--3866},
  issn = {1462-2920},
  doi = {10.1111/1462-2920.15485},
  langid = {english},
  pmcid = {PMC8475265},
  pmid = {33760340}
}

@article{phipps:tandem,
  title = {Tandem {{Mass Spectrometry-Based Amyloid Typing Using Manual Microdissection}} and {{Open-Source Data Processing}}},
  author = {Phipps, William S. and Smith, Kelly D. and Yang, Han-Yin and Henderson, Clark M. and Pflaum, Hannah and Lerch, Melissa L. and Fondrie, William E. and Emrick, Michelle A. and Wu, Christine C. and MacCoss, Michael J. and Noble, William S. and Hoofnagle, Andrew N.},
  year = {2022},
  month = may,
  journal = {American Journal of Clinical Pathology},
  volume = {157},
  number = {5},
  pages = {748--757},
  issn = {1943-7722},
  doi = {10.1093/ajcp/aqab185},
  langid = {english},
  pmcid = {PMC9071319},
  pmid = {35512256}
}

@article{yilmaz:sequencetosequence,
  title = {Sequence-to-Sequence Translation from Mass Spectra to Peptides with a Transformer Model},
  author = {Yilmaz, Melih and Fondrie, William E. and Bittremieux, Wout and Melendez, Carlo F. and Nelson, Rowan and Ananth, Varun and Oh, Sewoong and Noble, William Stafford},
  year = {2024},
  month = jul,
  journal = {Nature Communications},
  volume = {15},
  number = {1},
  pages = {6427},
  issn = {2041-1723},
  doi = {10.1038/s41467-024-49731-x},
  langid = {english},
  pmcid = {PMC11289372},
  pmid = {39080256}
}

@inproceedings{yilmaz2022novo,
  title = {De Novo Mass Spectrometry Peptide Sequencing with a Transformer Model},
  booktitle = {International Conference on Machine Learning},
  author = {Yilmaz, Melih and Fondrie, William and Bittremieux, Wout and Oh, Sewoong and Noble, William S},
  year = {2022},
  month = apr,
  pages = {25514--25522},
  publisher = {{PMLR}}
}

@misc{bittremieux:deep,
  title = {Deep Learning Methods for de Novo Peptide Sequencing},
  author = {Bittremieux, Wout and Ananth, Varun and Fondrie, William E. and Melendez, Carlo and Pominova, Marina and Sanders, Justin and Wen, Bo and Yilmaz, Melih and Noble, William Stafford},
  year = {2024},
  month = may,
  publisher = {ChemRxiv},
  doi = {10.26434/chemrxiv-2024-l6wnt},
  urldate = {2024-08-19},
  archiveprefix = {ChemRxiv},
  langid = {english},
  journal = {ChemRxiv}
}

@misc{vollger:haplotyperesolved,
  title = {A Haplotype-Resolved View of Human Gene Regulation},
  author = {Vollger, Mitchell R. and Swanson, Elliott G. and Neph, Shane J. and Ranchalis, Jane and Munson, Katherine M. and Ho, Ching-Huang and {Sede{\~n}o-Cort{\'e}s}, Adriana E. and Fondrie, William E. and Bohaczuk, Stephanie C. and Mao, Yizi and Parmalee, Nancy L. and Mallory, Benjamin J. and Harvey, William T. and Kwon, Younjun and Garcia, Gage H. and Hoekzema, Kendra and Meyer, Jeffrey G. and Cicek, Mine and Eichler, Evan E. and Noble, William S. and Witten, Daniela M. and Bennett, James T. and Ray, John P. and Stergachis, Andrew B.},
  year = {2024},
  month = jun,
  primaryclass = {New Results},
  pages = {2024.06.14.599122},
  publisher = {bioRxiv},
  doi = {10.1101/2024.06.14.599122},
  urldate = {2024-08-19},
  archiveprefix = {bioRxiv},
  chapter = {New Results},
  langid = {english},
  journal = {bioRxiv}
}

@article{liang:optimized,
  title = {Optimized Surface Acoustic Wave Nebulization Facilitates Bacterial Phenotyping},
  author = {Liang, Tao and Schneider, Thomas and Yoon, Sung Hwan and Oyler, Benjamin L. and Leung, Lisa M. and Fondrie, William E. and Yen, Gloria and Huang, Yue and Ernst, Robert K. and Nilsson, Erik and Goodlett, David R.},
  year = {2018},
  month = apr,
  journal = {International Journal of Mass Spectrometry},
  series = {Richard {{Smith Honor Issue}}},
  volume = {427},
  pages = {65--72},
  issn = {1387-3806},
  doi = {10.1016/j.ijms.2017.09.007},
  urldate = {2024-08-19}
}
